<?xml version="1.0" encoding="UTF-8"?><record xmlns="http://www.loc.gov/MARC21/slim" xmlns:cinclude="http://apache.org/cocoon/include/1.0" xmlns:zs="http://www.loc.gov/zing/srw/">
  <leader>00517nz  a2200145n  4500</leader>
  <controlfield tag="001">n  88016901 </controlfield>
  <controlfield tag="003">DLC</controlfield>
  <controlfield tag="005">19881208062122.3</controlfield>
  <controlfield tag="008">881018n| acannaab|          |a aaa |||  </controlfield>
  <datafield tag="010" ind1=" " ind2=" ">
    <subfield code="a">n  88016901 </subfield>
  </datafield>
  <datafield tag="040" ind1=" " ind2=" ">
    <subfield code="a">DLC</subfield>
    <subfield code="c">DLC</subfield>
  </datafield>
  <datafield tag="100" ind1="1" ind2="0">
    <subfield code="a">Poklonskiĭ, F. E.</subfield>
    <subfield code="q">(Fedor Efimovich)</subfield>
  </datafield>
  <datafield tag="400" ind1="1" ind2="0">
    <subfield code="a">Poklonskiĭ, Fedor Efimovich</subfield>
  </datafield>
  <datafield tag="400" ind1="1" ind2="0">
    <subfield code="a">Poklonsʹkyĭ, F. I︠U︡.</subfield>
    <subfield code="q">(Fedir I︠U︡khymovych)</subfield>
  </datafield>
  <datafield tag="670" ind1=" " ind2=" ">
    <subfield code="a">His Rezervy sot︠s︡ialisticheskogo proizvodstva, 1987:</subfield>
    <subfield code="b">t.p. (F. E. Poklonskiĭ) colophon (Fedor Efimovich Poklonskiĭ)</subfield>
  </datafield>
</record>